@online{Lucene:2008,
    title = {Полнотекстовый поиск в веб-проектах: Sphinx, Apache Lucene, Xapian},
    author = {https://habr.com/ru/users/aleks\_raiden/},
    date = {2008-08-04},
    url = {https://habr.com/ru/post/30594/},
}
@online{Elasticsearch:2020,
    title = {С чего начинается Elasticsearch},
    author = {https://habr.com/ru/users/nordwind2013/},
    date = {2020-02-25},
    url = {https://habr.com/ru/post/489924/},
}
@online{GIN:2020,
    title = {Indexes in PostgreSQL — 7 (GIN)},
    author = {https://habr.com/en/users/erogov/},
    date = {2019-04-26},
    url = {https://habr.com/en/company/postgrespro/blog/448746/},
}
@online{Lucene:2015,
    title = {Lucene's Handling of Deleted Documents},
    author = {Michael McCandless},
    date = {2015-01-30},
    url = {https://www.elastic.co/blog/lucenes-handling-of-deleted-documents},
}
@online{Roaring:2019,
    title = {Bitmap-индексы в Go: поиск на дикой скорости},
    author = {https://habr.com/ru/users/mkevac/},
    date = {2019-05-16},
    url = {https://habr.com/ru/company/badoo/blog/451938/},
}
@manual{Elasticsearch1:2021,
    title = {Elasticsearch Guide: Dynamically Updatable Indices},
    organization = {Elasticsearch B.V.},
    year = {2021},
    url = {https://www.elastic.co/guide/en/elasticsearch/guide/current/dynamic-indices.html},
}
@manual{Elasticsearch2:2021,
    title = {Elasticsearch Guide: Segment Merging},
    organization = {Elasticsearch B.V.},
    year = {2021},
    url = {https://www.elastic.co/guide/en/elasticsearch/guide/current/merge-process.html},
}
@online{Immutability:2016,
    title = {Immutability Changes Everything},
    author = {Pat Helland},
    date = {2016-01-30},
    url = {https://queue.acm.org/detail.cfm?id=2884038},
}
@techreport{SEDB:1998,
    author = {Takehiro Shimada and Atsushi Futakata},
    title = {Automatic Link Generation and Repair Mechanism for Document Management},
    institution = {Central Research Institute of Electric Power Industry},
    year = {1998},
    url = {https://citeseerx.ist.psu.edu/viewdoc/download?doi=10.1.1.122.9382&rep=rep1&type=pdf}
}
@inproceedings{PageChaser:2009,
    author = {Morishima A. and Nakamizo A. and Iida T. and Sugimoto S. and Kitagawa H},
    booktitle = {Proceedings of the 20th ACM Conference on Hypertext and Hypermedia},
    title = {Bringing Your Dead Links Back to Life: A Comprehensive Approach and Lessons Learned},
    year = {2009},
    numpages = {10},
}
@online{CMS:2015,
    title = {Дюк, вынеси мусор! — Часть 3},
    author = {https://habr.com/ru/users/alygin/},
    date = {2015-11-02},
    url = {https://habr.com/ru/post/269863},
}
@online{G1GC:2018,
    title = {Garbage Collection in Elasticsearch and the G1GC},
    author = {Prabin Meitei M},
    date = {2018-10-04},
    url = {https://medium.com/naukri-engineering/garbage-collection-in-elasticsearch-and-the-g1gc-16b79a447181},
}
@manual{RediSearch:2021,
    title = {Garbage Collection in RediSearch},
    organization = {Redis Labs},
    year = {2021},
    url = {https://www.elastic.co/guide/en/elasticsearch/guide/current/merge-process.html},
}
@manual{Datomic:2021,
    title = {Excision in Datomic},
    organization = {Cognitect, a Nu Holdings, Ltd. Company},
    year = {2021},
    url = {https://docs.datomic.com/on-prem/reference/excision.html},
}
@manual{Fossil:2007,
    title = {Deleting Content From FossilLogin},
    organization = {Fossil SCM},
    year = {2007},
    url = {https://fossil-scm.org/home/doc/trunk/www/shunning.wiki},
}
@book{Kleppman:2017,
    author = {Martin Kleppmann},
    title = {Designing Data-Intensive Applications: The Big Ideas Behind Reliable, Scalable, and Maintainable Systems},
    year = {2017},
    isbn-10 = {1449373321},
    edition = {1},
    publisher = {O'Reilly Media},
}
@techreport{BigData:2018,
    author = {RODRIGO BRUNO and PAULO FERREIRA},
    title = {A Study on Garbage Collection Algorithms for Big Data Environments},
    institution = {University of Lisbon},
    year = {2018},
    url = {https://sci-hub.do/10.1145/3156818}
}
@techreport{No-SQL:IoT,
    author = {Le T. D. and Kim S. H. and Nguyen M. H. anf Kim D. and Shin and S. Y. and Lee K. E. and R. da Rosa Righi},
    title = {EPC Information Services with No-SQL datastore for the Internet of Things},
    institution = {Deparment of Computer Science, KAIST, Daejeon, South Korea},
    year = {2014},
    url = {sci-hub.do/10.1109/RFID.2014.6810711}
}
@online{Dangling:2018,
    title = {Как бороться с битыми ссылками},
    author = {https://netpeak.net/ru/blog/user/24910/},
    date = {2018-24-10},
    url = {https://netpeak.net/ru/blog/kak-borot-sya-s-bitymi-ssylkami/},
}
@online{NYT,
    title = {What the ephemerality of the Web means for your hyperlinks},
    author = {John Bowers, Clare Stanton and Jonathan Zittrain},
    date = {2021-21-05},
    url = {https://www.cjr.org/analysis/linkrot-content-drift-new-york-times.php},
}
@online{Fraud,
    title = {The Dark Figure and the Cyber Fraud Rise in Europe: Evidence from Spain},
    author = {Steven Kemp and Fernando Miró-Llinares and Asier Moneva},
    date = {2020-04-04},
    url = {https://sci-hub.do/10.1007/s10610-020-09439-2},
}
@article{Data_Retention,
    title = {Data Retention after the Judgement of the Court of Justice of the European Union},
    author = {Prof. Dr. Franziska Boehm and Prof. Dr. Mark D. Cole},
    date = {2014-30-06},
    url = {https://web.archive.org/web/20210228091740/https://www.uni-muenster.de/Jura.itm/hoeren/materialien/boehm/Boehm_Cole-Data_Retention_Study-June_2014.pdf},
}
@article{Roaring:2018,
    title = {Consistently faster and smaller compressed bitmaps with Roaring},
    author = {D. Lemire, G. Ssi-Yan-Kai, O. Kaser},
    date = {2018-02-03},
    url = {https://arxiv.org/pdf/1603.06549.pdf},
}
@article{Lethe:2020,
    title = {Lethe: A Tunable Delete-Aware LSM Engine},
    author = {Subhadeep Sarkar and Tarikul Islam Papon and Dimitris Staratzis and Manos Athanassoulis},
    date = {2020-13-06},
    url = {https://disc-projects.bu.edu/lethe/},
}
@article{ONeil:1996,
    author = {O'Neil, Patrick and Cheng, Edward and Gawlick, Dieter and O'Neil, Elizabeth},
    title = {The Log-structured Merge-tree (LSM-tree)},
    journal = {Acta Informatica},
    issue_date = {1996},
    volume = {33},
    number = {4},
    month = jun,
    year = {1996},
    issn = {0001-5903},
    pages = {351--385},
    numpages = {35},
    url = {http://dx.doi.org/10.1007/s002360050048},
    doi = {10.1007/s002360050048},
    acmid = {230826},
    publisher = {Springer-Verlag New York, Inc.},
    address = {Secaucus, NJ, USA},
}
@article{Features:2020,
    title = {Inverted Files for Text Search Engines},
    author = {JUSTIN ZOBEL and ALISTAIR MOFFAT},
    date = {2006-13-07},
    url = {https://www.inf.ed.ac.uk/teaching/courses/ad/lectures17/ZobelMoffat.pdf},
}
@article{FeGC:2011,
    title = {FeGC: An efficient garbage collection scheme for flash memory based storage systems},
    author = {Ohhoon Kwon and Kern Koh and Jaewoo Lee ad Hyokyung Bahn},
    date = {201-04-03},
    url = {https://sci-hub.do/10.1016/j.jss.2011.02.042},
}
@article{FeGC:2014,
    title = {Garbage Collection for Multi-version Index on Flash Memory},
    author = {Lam K.Y. and Wang J. and Chang Y.H. and Hsieh J.W. and Huang P.C. and Poon C. K. and Zhu C. J.},
    date = {201-04-03},
    url = {https://sci-hub.do/10.1016/j.jss.2011.02.042},
}